@book{Serre:1993,
  added-at = {2011-07-20T15:28:42.000+0200},
  author = {Serre, Jean-Pierre},
  biburl = {https://www.bibsonomy.org/bibtex/2b6175b7ae057e7b7187d5f067328645b/algebradresden},
  groups = {public},
  interhash = {3d050f2d79bcfb0669092d89237c2c9b},
  intrahash = {9540528e82d908b587109b3b7a0aa47e},
  keywords = {ganter handbib slub klassische-algebra regal16},
  publisher = {Springer},
  timestamp = {2013-04-26T12:52:18.000+0200},
  title = {A course in arithmetic},
  username = {algebradresden},
  year = 1993
}

@article{Gatermann_2004,
	doi = {10.1016/j.jpaa.2003.12.011},
  
	url = {https://doi.org/10.1016%2Fj.jpaa.2003.12.011},
  
	year = 2004,
	month = {sep},
  
	publisher = {Elsevier {BV}
},
  
	volume = {192},
  
	number = {1-3},
  
	pages = {95--128},
  
	author = {Karin Gatermann and Pablo A. Parrilo},
  
	title = {Symmetry groups, semidefinite programs, and sums of squares},
  
	journal = {Journal of Pure and Applied Algebra}
}

@book{kilford2008modular,
  title={Modular Forms: A Classical and Computational Introduction},
  author={Kilford, L.J.P.},
  isbn={9781848162136},
  lccn={2008301117},
  url={https://books.google.fr/books?id=yuRpDQAAQBAJ},
  year={2008},
  publisher={Imperial College Press}
}

